<?xml version="1.0" encoding="UTF-8"?><collection xmlns="http://www.loc.gov/MARC21/slim"><record><leader>00570nam--2200205-u-4500</leader><controlfield tag="001">000055103</controlfield><controlfield tag="002">20161230</controlfield><controlfield tag="005">20161230201052</controlfield><controlfield tag="008">121101s1000------------r-----000-0-rus-d</controlfield><datafield ind1=" " ind2=" " tag="040"><subfield code="a">IFIN-HH</subfield></datafield><datafield ind1=" " ind2=" " tag="041"><subfield code="a">rus</subfield></datafield><datafield ind1=" " ind2=" " tag="080"><subfield code="a">538.958:535.215</subfield></datafield><datafield ind1="1" ind2=" " tag="100"><subfield code="a">Akimov,I.A</subfield></datafield><datafield ind1="1" ind2="0" tag="245"><subfield code="a">Sensibilizirovannyi fotoeffekt</subfield><subfield code="c">I.a. akimov, iu.a. cherkasov, m.i. cherkashin</subfield></datafield><datafield ind1=" " ind2=" " tag="260"><subfield code="a">Moskva</subfield><subfield code="b">Nauka</subfield><subfield code="c">1980</subfield></datafield><datafield ind1=" " ind2=" " tag="300"><subfield code="a">384P</subfield></datafield><datafield ind1=" " ind2=" " tag="490"><subfield code="a">Fizika Poluprovodnikov I Poluprovodnikovih Priborov</subfield></datafield><datafield ind1="1" ind2=" " tag="700"><subfield code="a">Cherkashin, M.I</subfield></datafield><datafield ind1=" " ind2=" " tag="852"><subfield code="a">49302</subfield><subfield code="c">539.2</subfield></datafield><datafield ind1=" " ind2=" " tag="CAT"><subfield code="a">Sys</subfield><subfield code="c">20121101</subfield><subfield code="h">113859</subfield></datafield></record></collection>